% Encoding: UTF-8

@Article{Reynolds_2009_adaptive,
  author       = {Andrew M. Reynolds},
  title        = {Adaptive L\'{e}vy walks can outperform composite Brownian walks in non-destructive random searching scenarios},
  volume       = {388},
  number       = {5},
  pages        = {561--564},
  date         = {2009-03},
  doi          = {10.1016/j.physa.2008.11.007},
  journaltitle = {Physica A: Statistical Mechanics and its Applications},
  publisher    = {Elsevier {BV}},
}

@Article{Bartumeus_2005,
  author       = {Frederic Bartumeus and Marcos G. E. da Luz and Gandhimohan M. Viswanathan and Jordi Catalan},
  title        = {Animal search strategies: A quantitative random-walk analysis},
  volume       = {86},
  number       = {11},
  pages        = {3078--3087},
  date         = {2005-11},
  doi          = {10.1890/04-1806},
  journaltitle = {Ecology},
  publisher    = {Wiley-Blackwell},
}

@Article{Buldyrev_2001_avetime,
  author       = {Sergey V. Buldyrev and S. Havlin and A. Ya. Kazakov and Marcos G. E. da Luz and Ernesto P. Raposo and H. E. Stanley and Gandhimohan M. Viswanathan},
  title        = {Average time spent by L\'{e}vy flights and walks on an interval with absorbing boundaries},
  volume       = {64},
  number       = {4},
  date         = {2001-09},
  doi          = {10.1103/physreve.64.041108},
  journaltitle = {Physical Review E},
  publisher    = {American Physical Society ({APS})},
}

@Article{Morales_2004,
	author       = {Juan Manuel Morales and Daniel T. Haydon and Jacqui Frair and Kent E. Holsinger and John M. Fryxell},
	title        = {Extracting more out of relocation data: Building movement models as mixtures of random walks},
	volume       = {85},
	number       = {9},
	pages        = {2436--2445},
	date         = {2004-09},
	doi          = {10.1890/03-0269},
	journaltitle = {Ecology},
	publisher    = {Wiley-Blackwell},
}

@Article{Bartumeus_2008_fractal,
	author       = {Frederic Bartumeus and S. A. Levin},
	title        = {Fractal reorientation clocks: Linking animal behavior to statistical patterns of search},
	volume       = {105},
	number       = {49},
	pages        = {19072--19077},
	date         = {2008-12},
	doi          = {10.1073/pnas.0801926105},
	journaltitle = {Proceedings of the National Academy of Sciences},
	publisher    = {Proceedings of the National Academy of Sciences},
}

@Article{Benhamou_2007,
	author       = {Simon Benhamou},
	title        = {How many animals really do the L\'{e}vy walk?},
	volume       = {88},
	number       = {8},
	pages        = {1962--1969},
	date         = {2007-08},
	doi          = {10.1890/06-1769.1},
	journaltitle = {Ecology},
	publisher    = {Wiley-Blackwell},
}

@Article{Reynolds_2008_comment,
	author       = {Andrew M. Reynolds},
	title        = {How many animals really do the L\'{e}vy walk? Comment},
	volume       = {89},
	number       = {8},
	pages        = {2347--2351},
	date         = {2008-08},
	doi          = {10.1890/07-1688.1},
	journaltitle = {Ecology},
	publisher    = {Wiley-Blackwell},
}

@Article{da_Luz_2001,
	author       = {Marcos G. E. da Luz and Sergey V. Buldyrev and Shlomo Havlin and Ernesto P. Raposo and H.Eugene Stanley and Gandhimohan M. Viswanathan},
	title        = {Improvements in the statistical approach to random L\'{e}vy flight searches},
	volume       = {295},
	number       = {1-2},
	pages        = {89--92},
	date         = {2001-06},
	doi          = {10.1016/s0378-4371(01)00058-9},
	journaltitle = {Physica A: Statistical Mechanics and its Applications},
	publisher    = {Elsevier {BV}},
}

@Article{Viswanathan_2008,
	author       = {Gandhimohan M. Viswanathan and Ernesto P. Raposo and Marcos G. E. da Luz},
	title        = {L\'{e}vy flights and superdiffusion in the context of biological encounters and random searches},
	volume       = {5},
	number       = {3},
	pages        = {133--150},
	date         = {2008-09},
	doi          = {10.1016/j.plrev.2008.03.002},
	journaltitle = {Physics of Life Reviews},
	publisher    = {Elsevier {BV}},
}

@Article{Viswanathan_1996,
	author       = {Gandhimohan M. Viswanathan and Vsevolod Afanasyev and Sergey V. Buldyrev and Eugene J. Murphy and P. A. Prince and H. Eugene Stanley},
	title        = {L\'{e}vy flight search patterns of wandering albatrosses},
	volume       = {381},
	number       = {6581},
	pages        = {413--415},
	date         = {1996-05},
	doi          = {10.1038/381413a0},
	journaltitle = {Nature},
	publisher    = {Springer Nature},
}

@Article{Lomholt_2008,
	author       = {M. A. Lomholt and K. Tal and R. Metzler and K. Joseph},
	title        = {L\'{e}vy strategies in intermittent search processes are advantageous},
	volume       = {105},
	number       = {32},
	pages        = {11055--11059},
	date         = {2008-07},
	doi          = {10.1073/pnas.0803117105},
	journaltitle = {Proceedings of the National Academy of Sciences},
	publisher    = {Proceedings of the National Academy of Sciences},
}

@Article{Plank_2008,
	author       = {Michael J. Plank and Alex James},
	title        = {Optimal foraging: L\'{e}vy pattern or process?},
	volume       = {5},
	number       = {26},
	pages        = {1077--1086},
	date         = {2008-09},
	doi          = {10.1098/rsif.2008.0006},
	journaltitle = {Journal of The Royal Society Interface},
	publisher    = {The Royal Society},
}

@Article{Benichou_2005,
	author       = {Olivier B\'{e}nichou and Mathieu Coppey and M. Moreau and P-H. Suet and R. Voituriez},
	title        = {Optimal Search Strategies for Hidden Targets},
	volume       = {94},
	number       = {19},
	date         = {2005-05},
	doi          = {10.1103/physrevlett.94.198101},
	journaltitle = {Physical Review Letters},
	publisher    = {American Physical Society ({APS})},
}

@Article{Viswanathan_1999,
	author       = {Gandhimohan M. Viswanathan and Sergey V. Buldyrev and Shlomo Havlin and Marcos G. E. da Luz and Ernesto P. Raposo and H. Eugene Stanley},
	title        = {Optimizing the success of random searches},
	volume       = {401},
	number       = {6756},
	pages        = {911--914},
	date         = {1999-10},
	doi          = {10.1038/44831},
	journaltitle = {Nature},
	publisher    = {Springer Nature},
}

@Article{Buldyrev_2001_prop,
	author       = {Sergey V. Buldyrev and M. Gitterman and S. Havlin and A.Ya. Kazakov and Marcos G. E. da Luz and Ernesto P. Raposo and H.E. Stanley and Gandhimohan M. Viswanathan},
	title        = {Properties of L\'{e}vy flights on an interval with absorbing boundaries},
	volume       = {302},
	number       = {1-4},
	pages        = {148--161},
	date         = {2001-12},
	doi          = {10.1016/s0378-4371(01)00461-7},
	journaltitle = {Physica A: Statistical Mechanics and its Applications},
	publisher    = {Elsevier {BV}},
}

@Book{Asmussen_2003,
	title     = {Applied Probability and Queues},
	publisher = {Springer New York},
	author    = {S\oren Asmussen},
	isbn      = {978-0-387-00211-8},
	date      = {2003},
	doi       = {10.1007/b97236},
}

@Article{Bartumeus_2002,
	author       = {Frederic Bartumeus and Jordi Catalan and U. L. Fulco and Marcelo Leite Lyra and Gandhimohan M. Viswanathan},
	title        = {Optimizing the encounter rate in biological interactions: L\'{e}vy versus Brownian strategies},
	volume       = {88},
	number       = {9},
	date         = {2002-02},
	doi          = {10.1103/physrevlett.88.097901},
	journaltitle = {Physical Review Letters},
	publisher    = {American Physical Society ({APS})},
}

@Article{Raposo_2003,
	author       = {Ernesto P. Raposo and Sergey V. Buldyrev and Marcos G. E. da Luz and M. C. Santos and H. Eugene Stanley and Gandhimohan M. Viswanathan},
	title        = {Dynamical Robustness of L\'{e}vy Search Strategies},
	volume       = {91},
	number       = {24},
	date         = {2003-12},
	doi          = {10.1103/physrevlett.91.240601},
	journaltitle = {Physical Review Letters},
	publisher    = {American Physical Society ({APS})},
}

@Article{Santos_2004,
	author       = {M. C Santos and Ernesto P. Raposo and Gandhimohan M. Viswanathan and Marcos G. E. da Luz},
	title        = {Optimal random searches of revisitable targets: Crossover from superdiffusive to ballistic random walks},
	volume       = {67},
	number       = {5},
	pages        = {734--740},
	date         = {2004-09},
	doi          = {10.1209/epl/i2004-10114-9},
	journaltitle = {Europhysics Letters ({EPL})},
	publisher    = {{IOP} Publishing},
}

@Article{Edwards_2007,
	author       = {Andrew M. Edwards and Richard A. Phillips and Nicholas W. Watkins and Mervyn P. Freeman and Eugene J. Murphy and Vsevolod Afanasyev and Sergey V. Buldyrev and Marcos G. E. da Luz and Ernesto P. Raposo and H. Eugene Stanley and Gandhimohan M. Viswanathan},
	title        = {Revisiting L\'{e}vy flight search patterns of wandering albatrosses, bumblebees and deer},
	volume       = {449},
	number       = {7165},
	pages        = {1044--1048},
	date         = {2007-10},
	doi          = {10.1038/nature06199},
	journaltitle = {Nature},
	publisher    = {Springer Nature},
}

@Article{Reynolds_2006,
	author       = {Andrew M. Reynolds},
	title        = {On the intermittent behaviour of foraging animals},
	volume       = {75},
	number       = {4},
	pages        = {517--520},
	date         = {2006-08},
	doi          = {10.1209/epl/i2006-10157-x},
	journaltitle = {Europhysics Letters ({EPL})},
	publisher    = {{IOP} Publishing},
}

@Article{Edwards_2011,
	author       = {Andrew M. Edwards},
	title        = {Overturning conclusions of L\'{e}vy flight movement patterns by fishing boats and foraging animals},
	volume       = {92},
	number       = {6},
	pages        = {1247--1257},
	date         = {2011-06},
	doi          = {10.1890/10-1182.1},
	journaltitle = {Ecology},
	publisher    = {Wiley-Blackwell},
}

@InCollection{Bartumeus_2013,
	author    = {Frederic Bartumeus and Ernesto P. Raposo and Gandhimohan M. Viswanathan and Marcos G. E. da Luz},
	title     = {Stochastic Optimal Foraging Theory},
	booktitle = {Lecture Notes in Mathematics},
	publisher = {Springer Berlin Heidelberg},
	pages     = {3--32},
	date      = {2013},
	doi       = {10.1007/978-3-642-35497-7_1},
}

@Article{Marell_2002,
	author       = {M{\aa}rell, Anders and Ball, John P. and Hofgaard, Annika},
	title        = {Foraging and movement paths of female reindeer: insights from fractal analysis, correlated random walks, and L\'{e}vy flights},
	volume       = {80},
	number       = {5},
	pages        = {854--865},
	date         = {2002-05},
	doi          = {10.1139/z02-061},
	journaltitle = {Canadian Journal of Zoology},
	publisher    = {Canadian Science Publishing},
}

@Article{Ayala_Orozco_2004,
	author       = {G. Ramos-Fern\`{a}ndez and J. L. Mateos and O. Miramontes and G. Cocho, H. Larralde and B. Ayala-Orozco},
	title        = {L\'{e}vy walk patterns in the foraging movements of spider monkeys (Ateles geoffroyi)},
	volume       = {55},
	number       = {3},
	pages        = {223--230},
	date         = {2004-01},
	doi          = {10.1007/s00265-003-0700-6},
	journaltitle = {Behavioral Ecology and Sociobiology},
	publisher    = {Springer Nature},
}

@Article{Austin_2004,
	author       = {Deborah Austin and William Don Bowen and J. I. McMillan},
	title        = {Intraspecific variation in movement patterns: modeling individual behaviour in a large marine predator},
	volume       = {105},
	number       = {1},
	pages        = {15--30},
	date         = {2004-04},
	doi          = {10.1111/j.0030-1299.1999.12730.x},
	journaltitle = {Oikos},
	publisher    = {Wiley-Blackwell},
}

@Article{James_2011,
	author       = {Alex James and Michael J. Plank and Andrew M. Edwards},
	title        = {Assessing L\'{e}vy walks as models of animal foraging},
	volume       = {8},
	number       = {62},
	pages        = {1233--1247},
	date         = {2011-06},
	doi          = {10.1098/rsif.2011.0200},
	journaltitle = {Journal of The Royal Society Interface},
	publisher    = {The Royal Society},
}

@Article{Bovet_1988,
	author       = {Pierre Bovet and Simon Benhamou},
	title        = {Spatial analysis of animals{\textquotesingle} movements using a correlated random walk model},
	volume       = {131},
	number       = {4},
	pages        = {419--433},
	date         = {1988-04},
	doi          = {10.1016/s0022-5193(88)80038-9},
	journaltitle = {Journal of Theoretical Biology},
	publisher    = {Elsevier {BV}},
}

@Article{Benhamou_1989,
	author       = {Simon Benhamou and Pierre Bovet},
	title        = {How animals use their environment: a new look at kinesis},
	volume       = {38},
	number       = {3},
	pages        = {375--383},
	date         = {1989-09},
	doi          = {10.1016/s0003-3472(89)80030-2},
	journaltitle = {Animal Behaviour},
	publisher    = {Elsevier {BV}},
}

@Article{Benhamou_1992,
	author       = {Simon Benhamou and Pierre Bovet},
	title        = {Distinguishing between elementary orientation mechanisms by means of path analysis},
	volume       = {43},
	number       = {3},
	pages        = {371--377},
	date         = {1992-03},
	doi          = {10.1016/s0003-3472(05)80097-1},
	journaltitle = {Animal Behaviour},
	publisher    = {Elsevier {BV}},
}

@Article{Hill_1997,
	author       = {Nicholas A. Hill and D. P. H\"{a}der},
	title        = {A biased random walk model for the trajectories of swimming micro-organisms},
	volume       = {186},
	number       = {4},
	pages        = {503--526},
	date         = {1997-06},
	doi          = {10.1006/jtbi.1997.0421},
	journaltitle = {Journal of Theoretical Biology},
	publisher    = {Elsevier {BV}},
}

@Article{Codling_2004,
	author       = {Edward A. Codling and Nicholas A. Hill and Jonathan W. Pitchford and Stephen D. Simpson},
	title        = {Random walk models for the movement and recruitment of reef fish larvae},
	volume       = {279},
	pages        = {215--224},
	date         = {2004},
	doi          = {10.3354/meps279215},
	journaltitle = {Marine Ecology Progress Series},
	publisher    = {Inter-Research Science Center},
}

@Article{Codling_2008,
	author       = {Edward A. Codling and Michael J. Plank and Simon Benhamou},
	title        = {Random walk models in biology},
	volume       = {5},
	number       = {25},
	pages        = {813--834},
	date         = {2008-08},
	doi          = {10.1098/rsif.2008.0014},
	journaltitle = {Journal of The Royal Society Interface},
	publisher    = {The Royal Society},
}

@Article{Shlesinger_1987,
	author       = {M. F. Shlesinger and B. J. West and J. Klafter},
	title        = {L\'{e}vy dynamics of enhanced diffusion: Application to turbulence},
	volume       = {58},
	number       = {11},
	pages        = {1100--1103},
	date         = {1987-03},
	doi          = {10.1103/physrevlett.58.1100},
	journaltitle = {Physical Review Letters},
	publisher    = {American Physical Society ({APS})},
}

@Article{Edwards_2008,
	author       = {Andrew M. Edwards},
	title        = {Using likelihood to test for L\'{e}vy flight search patterns and for general power-law distributions in nature},
	volume       = {77},
	number       = {6},
	pages        = {1212--1222},
	date         = {2008-11},
	doi          = {10.1111/j.1365-2656.2008.01428.x},
	journaltitle = {Journal of Animal Ecology},
	publisher    = {Wiley-Blackwell},
}

@Book{Okubo_2001,
	title     = {Diffusion and Ecological Problems: Modern Perspectives},
	publisher = {Springer New York},
	author    = {Akira Okubo and Simon A. Levin},
	date      = {2001},
	doi       = {10.1007/978-1-4757-4978-6},
}

@Article{Pyke_1984,
	author       = {G H Pyke},
	title        = {Optimal foraging theory: A critical review},
	volume       = {15},
	number       = {1},
	pages        = {523--575},
	date         = {1984-11},
	doi          = {10.1146/annurev.es.15.110184.002515},
	journaltitle = {Annual Review of Ecology and Systematics},
	publisher    = {Annual Reviews},
}

@Article{Sutherland_1988,
	author       = {William J. Sutherland and D. W. Stephens and J. R. Krebs},
	title        = {Foraging Theory},
	volume       = {76},
	number       = {1},
	pages        = {295},
	date         = {1986-03},
	doi          = {10.2307/2260475},
	journaltitle = {The Journal of Ecology},
	publisher    = {{JSTOR}},
}

@Article{Pitchford_2005,
	author       = {Jonathan W. Pitchford and Alex James and John Brindley},
	title        = {Quantifying the effects of individual and environmental variability in fish recruitment},
	volume       = {14},
	number       = {2},
	pages        = {156--160},
	date         = {2005-03},
	doi          = {10.1111/j.1365-2419.2004.00299.x},
	journaltitle = {Fisheries Oceanography},
	publisher    = {Wiley-Blackwell},
}

@Book{Stephens_2007,
	title     = {Foraging},
	publisher = {University of Chicago Press},
	author    = {David W. Stephens and Joel S. Brown and Ronald C. Ydenberg},
	date      = {2007},
	doi       = {10.7208/chicago/9780226772653.001.0001},
}

@Article{Cole_1995,
	author       = {Blaine J. Cole},
	title        = {Fractal time in animal behaviour: the movement activity of Drosophila},
	volume       = {50},
	number       = {5},
	pages        = {1317--1324},
	date         = {1995},
	doi          = {10.1016/0003-3472(95)80047-6},
	journaltitle = {Animal Behaviour},
	publisher    = {Elsevier {BV}},
}

@Article{Viswanathan_2000,
	author       = {Gandhimohan M. Viswanathan and V Afanasyev and Sergey V. Buldyrev and Shlomo Havlin and Marcos G. E. da Luz and Ernesto P. Raposo and H.Eugene Stanley},
	title        = {L\'{e}vy flights in random searches},
	volume       = {282},
	number       = {1-2},
	pages        = {1--12},
	date         = {2000-07},
	doi          = {10.1016/s0378-4371(00)00071-6},
	journaltitle = {Physica A: Statistical Mechanics and its Applications},
	publisher    = {Elsevier {BV}},
}

@Article{Reynolds_2007_drosophila,
	author       = {Andrew M. Reynolds and Mark A. Frye},
	title        = {Free-flight odor tracking in Drosophila is consistent with an optimal intermittent scale-free search},
	volume       = {2},
	number       = {4},
	pages        = {e354},
	date         = {2007-04},
	doi          = {10.1371/journal.pone.0000354},
	editor       = {Sean Rands},
	journaltitle = {{PLoS} {ONE}},
	publisher    = {Public Library of Science ({PLoS})},
}

@Article{Reynolds_2007_bees,
	author       = {Andrew M. Reynolds and Alan D. Smith and Randolf Menzel and Uwe Greggers and Donald R. Reynolds and Joseph R. Riley},
	title        = {Displaced honey beeys perform optimal scale-free search flights},
	volume       = {88},
	number       = {8},
	pages        = {1955--1961},
	date         = {2007-08},
	doi          = {10.1890/06-1916.1},
	journaltitle = {Ecology},
	publisher    = {Wiley-Blackwell},
}

@Article{Reynolds_2007_moths,
	author       = {Andrew M. Reynolds and D.R. Reynolds and A.D. Smith and G.P. Svensson and C. L\"{o}fstedt},
	title        = {Appetitive flight patterns of male Agrotis segetum moths over landscape scales},
	volume       = {245},
	number       = {1},
	pages        = {141--149},
	date         = {2007-03},
	doi          = {10.1016/j.jtbi.2006.10.007},
	journaltitle = {Journal of Theoretical Biology},
	publisher    = {Elsevier {BV}},
}

@Article{Sims_2008,
	author       = {David W. Sims and Emily J. Southall and Nicolas E. Humphries and Graeme C. Hays and Corey J. A. Bradshaw and Jonathan W. Pitchford and Alex James and Mohammed Z. Ahmed and Andrew S. Brierley and Mark A. Hindell and David Morritt and Michael K. Musyl and David Righton and Emily L. C. Shepard and Victoria J. Wearmouth and Rory P. Wilson and Matthew J. Witt and Julian D. Metcalfe},
	title        = {Scaling laws of marine predator search behaviour},
	volume       = {451},
	number       = {7182},
	pages        = {1098--1102},
	date         = {2008-02},
	doi          = {10.1038/nature06518},
	journaltitle = {Nature},
	publisher    = {Springer Nature},
}

@Article{Humphries_2010,
	author       = {Nicolas E. Humphries and Nuno Queiroz and Jennifer R. M. Dyer and Nicolas G. Pade and Michael K. Musyl and Kurt M. Schaefer and Daniel W. Fuller and Juerg M. Brunnschweiler and Thomas K. Doyle and Jonathan D. R. Houghton and Graeme C. Hays and Catherine S. Jones and Leslie R. Noble and Victoria J. Wearmouth and Emily J. Southall and David W. Sims},
	title        = {Environmental context explains L\'{e}vy and Brownian movement patterns of marine predators},
	volume       = {465},
	number       = {7301},
	pages        = {1066--1069},
	date         = {2010-06},
	doi          = {10.1038/nature09116},
	journaltitle = {Nature},
	publisher    = {Springer Nature},
}

@Article{Bertrand_2005,
	author       = {Sophie Bertrand and J. Burgos and Fran\c{c}ois Gerlotto and J. Atiquipa},
	title        = {L\'{e}vy trajectories of Peruvian purse-seiners as an indicator of the spatial distribution of anchovy (Engraulis ringens)},
	volume       = {62},
	number       = {3},
	pages        = {477--482},
	date         = {2005-05},
	doi          = {10.1016/j.icesjms.2004.12.002},
	journaltitle = {{ICES} Journal of Marine Science},
	publisher    = {Oxford University Press ({OUP})},
}

@Article{Brown_2006,
	author       = {Clifford T. Brown and Larry S. Liebovitch and Rachel Glendon},
	title        = {L\'{e}vy Flights in Dobe Ju/'hoansi Foraging Patterns},
	volume       = {35},
	number       = {1},
	pages        = {129--138},
	date         = {2006-12},
	doi          = {10.1007/s10745-006-9083-4},
	journaltitle = {Human Ecology},
	publisher    = {Springer Nature},
}

@Article{Sims_2007,
	author       = {David W. Sims and David Righton and Jonathan W. Pitchford},
	title        = {Minimizing errors in identifying L\'{e}vy flight behaviour of organisms},
	volume       = {76},
	number       = {2},
	pages        = {222--229},
	date         = {2007-01},
	doi          = {10.1111/j.1365-2656.2006.01208.x},
	journaltitle = {Journal of Animal Ecology},
	publisher    = {Wiley-Blackwell},
}

@Article{White_2008,
	author       = {Ethan P. White and Brian J. Enquist and Jessica L. Green},
	title        = {On estimating the exponent of power-law frequency distributions},
	volume       = {89},
	number       = {4},
	pages        = {905--912},
	date         = {2008-04},
	doi          = {10.1890/07-1288.1},
	journaltitle = {Ecology},
	publisher    = {Wiley-Blackwell},
}

@Article{Plank_2009,
	author       = {Michael J. Plank and Edward A. Codling},
	title        = {Sampling rate and misidentification of L\'{e}vy and non-L\'{e}vy movement paths},
	volume       = {90},
	number       = {12},
	pages        = {3546--3553},
	date         = {2009-12},
	doi          = {10.1890/09-0079.1},
	journaltitle = {Ecology},
	publisher    = {Wiley-Blackwell},
}

@Article{James_2008,
	author       = {Alex James and Michael J. Plank and R. Brown},
	title        = {Optimizing the encounter rate in biological interactions: Ballistic versus L\'{e}vy versus Brownian strategies},
	volume       = {78},
	number       = {5},
	date         = {2008-11},
	doi          = {10.1103/physreve.78.051128},
	journaltitle = {Physical Review E},
	publisher    = {American Physical Society ({APS})},
}

@Article{James_2009,
	author       = {Alex James and Jonathan W. Pitchford and Michael J. Plank},
	title        = {Efficient or inaccurate? Analytical and numerical modelling of random search strategies},
	volume       = {72},
	number       = {4},
	pages        = {896--913},
	date         = {2009-11},
	doi          = {10.1007/s11538-009-9473-z},
	journaltitle = {Bulletin of Mathematical Biology},
	publisher    = {Springer Nature},
}

@Article{Benhamou_2008,
	author       = {Simon Benhamou},
	title        = {How many animals really do the L\'{e}vy walk? Reply},
	volume       = {89},
	number       = {8},
	pages        = {2351--2352},
	date         = {2008-08},
	doi          = {10.1890/08-0313.1},
	journaltitle = {Ecology},
	publisher    = {Wiley-Blackwell},
}

@Article{Bartumeus_2008_super,
	author       = {Frederic Bartumeus and P. Fernández and Marcos G. E. da Luz and Jordi Catalan and Ricard V. Sol\'{e} and S. A. Levin},
	title        = {Superdiffusion and encounter rates in diluted, low dimensional worlds},
	volume       = {157},
	number       = {1},
	pages        = {157--166},
	date         = {2008-04},
	doi          = {10.1140/epjst/e2008-00638-6},
	journaltitle = {The European Physical Journal Special Topics},
	publisher    = {Springer Nature},
}

@Article{Santos_2005,
	author       = {M. C. Santos and Gandhimohan M. Viswanathan and Ernesto P. Raposo and Marcos G. E. da Luz},
	title        = {Optimization of random searches on regular lattices},
	volume       = {72},
	number       = {4},
	date         = {2005-10},
	doi          = {10.1103/physreve.72.046143},
	journaltitle = {Physical Review E},
	publisher    = {American Physical Society ({APS})},
}

@Article{Santos_2008,
	author       = {M. C. Santos and Gandhimohan M. Viswanathan and Ernesto P. Raposo and Marcos G. E. da Luz},
	title        = {Optimization of random searches on defective lattice networks},
	volume       = {77},
	number       = {4},
	date         = {2008-04},
	doi          = {10.1103/physreve.77.041101},
	journaltitle = {Physical Review E},
	publisher    = {American Physical Society ({APS})},
}

@Article{Raposo_2009,
	author       = {Ernesto P. Raposo and Sergey V. Buldyrev and Marcos G. E. da Luz and Gandhimohan M. Viswanathan and H E Stanley},
	title        = {L\'{e}vy flights and random searches},
	volume       = {42},
	number       = {43},
	pages        = {434003},
	date         = {2009-10},
	doi          = {10.1088/1751-8113/42/43/434003},
	journaltitle = {Journal of Physics A: Mathematical and Theoretical},
	publisher    = {{IOP} Publishing},
}

@Article{Patlak_1953,
	author       = {Clifford S. Patlak},
	title        = {Random walk with persistence and external bias},
	volume       = {15},
	number       = {3},
	pages        = {311--338},
	date         = {1953-09},
	doi          = {10.1007/bf02476407},
	journaltitle = {The Bulletin of Mathematical Biophysics},
	publisher    = {Springer Nature},
}

@Article{Reynolds_2008_loop,
	author       = {Andrew M. Reynolds},
	title        = {Optimal random L\'{e}vy-loop searching: New insights into the searching behaviours of central-place foragers},
	volume       = {82},
	number       = {2},
	pages        = {20001},
	date         = {2008-03},
	doi          = {10.1209/0295-5075/82/20001},
	journaltitle = {{EPL} (Europhysics Letters)},
	publisher    = {{IOP} Publishing},
}

@Article{Reynolds_2009_destructive,
	author       = {Andrew M. Reynolds and Frederic Bartumeus},
	title        = {Optimising the success of random destructive searches: L\'{e}vy walks can outperform ballistic motions},
	volume       = {260},
	number       = {1},
	pages        = {98--103},
	date         = {2009-09},
	doi          = {10.1016/j.jtbi.2009.05.033},
	journaltitle = {Journal of Theoretical Biology},
	publisher    = {Elsevier {BV}},
}

@Article{Viswanathan_2002,
	author       = {Gandhimohan M. Viswanathan and Frederic Bartumeus and Sergey V. Buldyrev and Jordi Catalan and U.L Fulco and Shlomo Havlin and Marcos G. E. da Luz and Marcelo Leite Lyra and Ernesto P. Raposo and H Eugene Stanley},
	title        = {L\'{e}vy flight random searches in biological phenomena},
	volume       = {314},
	number       = {1-4},
	pages        = {208--213},
	date         = {2002-11},
	doi          = {10.1016/s0378-4371(02)01157-3},
	journaltitle = {Physica A: Statistical Mechanics and its Applications},
	publisher    = {Elsevier {BV}},
}

@Article{Benhamou_1994,
	author       = {Simon Benhamou},
	title        = {Spatial memory and searching efficiency},
	volume       = {47},
	number       = {6},
	pages        = {1423--1433},
	date         = {1994-06},
	doi          = {10.1006/anbe.1994.1189},
	journaltitle = {Animal Behaviour},
	publisher    = {Elsevier {BV}},
}

@Article{Kramer_2001,
	author       = {Donald L. Kramer and Robert L. McLaughlin},
	title        = {The behavioral ecology of intermittent locomotion},
	volume       = {41},
	number       = {2},
	pages        = {137--153},
	date         = {2001-04},
	doi          = {10.1668/0003-1569(2001)041[0137:tbeoil]2.0.co;2},
	journaltitle = {American Zoologist},
	publisher    = {Society for Integrative and Comparative Biology},
}

@Article{Klaassen_2006,
	author       = {Raymond H. G. Klaassen and Bart A. Nolet and Dani\''{e}lle Bankert},
	title        = {Movement of foraging Tundra Swans explained by spatial pattern in cryptic food densities},
	volume       = {87},
	number       = {9},
	pages        = {2244--2254},
	date         = {2006-09},
	doi          = {10.1890/0012-9658(2006)87[2244:moftse]2.0.co;2},
	journaltitle = {Ecology},
	publisher    = {Wiley-Blackwell},
}

@Article{Jonsen_2007,
	author       = {Ian D. Jonsen and Ransom A. Myers and Michael C. James},
	title        = {Identifying leatherback turtle foraging behaviour from satellite telemetry using a switching state-space model},
	volume       = {337},
	pages        = {255--264},
	date         = {2007-05},
	doi          = {10.3354/meps337255},
	journaltitle = {Marine Ecology Progress Series},
	publisher    = {Inter-Research Science Center},
}

@Article{Benichou_2006_intermittent,
	author       = {Olivier B\'{e}nichou and Mathieu Coppey and M Moreau and R Voituriez},
	title        = {Intermittent search strategies: When losing time becomes efficient},
	volume       = {75},
	number       = {2},
	pages        = {349--354},
	date         = {2006-07},
	doi          = {10.1209/epl/i2006-10100-3},
	journaltitle = {Europhysics Letters ({EPL})},
	publisher    = {{IOP} Publishing},
}

@Article{Newman_2005,
	author       = {MEJ Newman},
	title        = {Power laws, Pareto distributions and Zipf{\textquotesingle}s law},
	volume       = {46},
	number       = {5},
	pages        = {323--351},
	date         = {2005-09},
	doi          = {10.1080/00107510500052444},
	journaltitle = {Contemporary Physics},
	publisher    = {Informa {UK} Limited},
}

@Article{Guthery_2003,
	author       = {Fred S. Guthery and Kenneth P. Burnham and David R. Anderson},
	title        = {Model selection and multimodel inference: A practical information-theoretic approach},
	volume       = {67},
	number       = {3},
	pages        = {655},
	date         = {2003-07},
	doi          = {10.2307/3802723},
	journaltitle = {The Journal of Wildlife Management},
	publisher    = {{JSTOR}},
}

@Article{Hamish_Elliott_2009,
	author       = {Kyle Hamish Elliott and Roger D. Bull and Anthony J. Gaston and Gail K. Davoren},
	title        = {Underwater and above-water search patterns of an Arctic seabird: reduced searching at small spatiotemporal scales},
	volume       = {63},
	number       = {12},
	pages        = {1773--1785},
	date         = {2009-07},
	doi          = {10.1007/s00265-009-0801-y},
	journaltitle = {Behavioral Ecology and Sociobiology},
	publisher    = {Springer Nature},
}

@Book{Grimmett_2001,
	title     = {Probability and Random Processes},
	publisher = {Oxford University Press},
	author    = {Geoffrey R. Grimmett and David R. Stirzaker},
	isbn      = {0198572239},
	date      = {2001}
}

@Article{Reynolds_2010,
	author       = {Andrew M. Reynolds},
	title        = {Bridging the gulf between correlated random walks and L\'{e}vy walks: autocorrelation as a source of L\'{e}vy walk movement patterns},
	volume       = {7},
	number       = {53},
	pages        = {1753--1758},
	date         = {2010-07},
	doi          = {10.1098/rsif.2010.0292},
	journaltitle = {Journal of The Royal Society Interface},
	publisher    = {The Royal Society},
}

@Article{Petrovskii_2009,
	author       = {Sergei Petrovskii and Andrew Morozov},
	title        = {Dispersal in a statistically structured population: Fat tails revisited},
	volume       = {173},
	number       = {2},
	pages        = {278--289},
	date         = {2009-02},
	doi          = {10.1086/595755},
	journaltitle = {The American Naturalist},
	publisher    = {University of Chicago Press},
}

@Article{Hapca_2009,
	author       = {S. Hapca and J. W Crawford and I. M Young},
	title        = {Anomalous diffusion of heterogeneous populations characterized by normal diffusion at the individual level},
	volume       = {6},
	number       = {30},
	pages        = {111--122},
	date         = {2009-01},
	doi          = {10.1098/rsif.2008.0261},
	journaltitle = {Journal of The Royal Society Interface},
	publisher    = {The Royal Society},
}

@Article{Gurarie_2009,
	author       = {Eliezer Gurarie and James J. Anderson and Richard W. Zabel},
	title        = {Continuous models of population-level heterogeneity inform analysis of animal dispersal and migration},
	volume       = {90},
	number       = {8},
	pages        = {2233--2242},
	date         = {2009-08},
	doi          = {10.1890/08-0359.1},
	journaltitle = {Ecology},
	publisher    = {Wiley-Blackwell},
}

@Article{Fritz_2003,
	author       = {H. Fritz and S. Said and H. Weimerskirch},
	title        = {Scale-dependent hierarchical adjustments of movement patterns in a long-range foraging seabird},
	volume       = {270},
	number       = {1520},
	pages        = {1143--1148},
	date         = {2003-06},
	doi          = {10.1098/rspb.2003.2350},
	journaltitle = {Proceedings of the Royal Society B: Biological Sciences},
	publisher    = {The Royal Society},
}

@Article{Turchin_1991,
	author       = {Peter Turchin},
	title        = {Translating foraging movements in heterogeneous environments into the spatial distribution of foragers},
	volume       = {72},
	number       = {4},
	pages        = {1253--1266},
	date         = {1991-08},
	doi          = {10.2307/1941099},
	journaltitle = {Ecology},
	publisher    = {Wiley-Blackwell},
}

@Article{Viswanathan_2005,
	author       = {Gandhimohan M. Viswanathan and Ernesto P. Raposo and Frederic Bartumeus and Jordi Catalan and Marcos G. E. da Luz},
	title        = {Necessary criterion for distinguishing true superdiffusion from correlated random walk processes},
	volume       = {72},
	number       = {1},
	date         = {2005-07},
	doi          = {10.1103/physreve.72.011111},
	journaltitle = {Physical Review E},
	publisher    = {American Physical Society ({APS})},
}

@Article{Reynolds_2009_odour,
	author       = {Andrew M. Reynolds and Jennifer L. Swain and Alan D. Smith and Andrew P. Martin and Juliet L. Osborne},
	title        = {Honeybees use a L\'{e}vy flight search strategy and odour-mediated anemotaxis to relocate food sources},
	volume       = {64},
	number       = {1},
	pages        = {115--123},
	date         = {2009-07},
	doi          = {10.1007/s00265-009-0826-2},
	journaltitle = {Behavioral Ecology and Sociobiology},
	publisher    = {Springer Nature},
}

@Article{Codling_2010,
	author       = {Edward A. Codling and Michael J. Plank},
	title        = {Turn designation, sampling rate and the misidentification of power laws in movement path data using maximum likelihood estimates},
	volume       = {4},
	number       = {3},
	pages        = {397--406},
	date         = {2010-06},
	doi          = {10.1007/s12080-010-0086-9},
	journaltitle = {Theoretical Ecology},
	publisher    = {Springer Nature},
}

@Article{Reynolds_2005,
	author       = {Andrew M. Reynolds},
	title        = {Scale-free movement patterns arising from olfactory-driven foraging},
	volume       = {72},
	number       = {4},
	date         = {2005-10},
	doi          = {10.1103/physreve.72.041928},
	journaltitle = {Physical Review E},
	publisher    = {American Physical Society ({APS})},
}

@Article{Reynolds_2007_odour,
	author       = {Andrew M. Reynolds},
	title        = {Avoidance of conspecific odour trails results in scale-free movement patterns and the execution of an optimal searching strategy},
	volume       = {79},
	number       = {3},
	pages        = {30006},
	date         = {2007-07},
	doi          = {10.1209/0295-5075/79/30006},
	journaltitle = {Europhysics Letters ({EPL})},
	publisher    = {{IOP} Publishing},
}

@Article{Guy_2008,
	author       = {Adam G. Guy and David A. Bohan and Stephen J. Powers and Andrew M. Reynolds},
	title        = {Avoidance of conspecific odour by carabid beetles: a mechanism for the emergence of scale-free searching patterns},
	volume       = {76},
	number       = {3},
	pages        = {585--591},
	date         = {2008-09},
	doi          = {10.1016/j.anbehav.2008.04.004},
	journaltitle = {Animal Behaviour},
	publisher    = {Elsevier {BV}},
}

@Article{Reynolds_2008_inverse,
	author       = {Andrew M. Reynolds},
	title        = {Deterministic walks with inverse-square power-law scaling are an emergent property of predators that use chemotaxis to locate randomly distributed prey},
	volume       = {78},
	number       = {1},
	date         = {2008-07},
	doi          = {10.1103/physreve.78.011906},
	journaltitle = {Physical Review E},
	publisher    = {American Physical Society ({APS})},
}

@Article{Reynolds_2009_bees,
	author       = {Andrew M. Reynolds},
	title        = {L\'{e}vy flight patterns are predicted to be an emergent property of a bumblebees' foraging strategy},
	volume       = {64},
	number       = {1},
	pages        = {19--23},
	date         = {2009-06},
	doi          = {10.1007/s00265-009-0813-7},
	journaltitle = {Behavioral Ecology and Sociobiology},
	publisher    = {Springer Nature},
}

@Article{Reynolds_2009_paradigm,
	author       = {Andrew M. Reynolds and C. J. Rhodes},
	title        = {The L\'{e}vy flight paradigm: random search patterns and mechanisms},
	volume       = {90},
	number       = {4},
	pages        = {877--887},
	date         = {2009-04},
	doi          = {10.1890/08-0153.1},
	journaltitle = {Ecology},
	publisher    = {Wiley-Blackwell},
}

@Article{Reynolds_2009_fractional,
	author       = {Andrew M. Reynolds},
	title        = {Scale-free animal movement patterns: L\'{e}vy walks outperform fractional Brownian motions and fractional L\'{e}vy motions in random search scenarios},
	volume       = {42},
	number       = {43},
	pages        = {434006},
	date         = {2009-10},
	doi          = {10.1088/1751-8113/42/43/434006},
	journaltitle = {Journal of Physics A: Mathematical and Theoretical},
	publisher    = {{IOP} Publishing},
}

@Article{Mandelbrot_1968,
	author       = {Benoit B. Mandelbrot and John W. Van Ness},
	title        = {Fractional Brownian motions, fractional noises and applications},
	volume       = {10},
	number       = {4},
	pages        = {422--437},
	date         = {1968-10},
	doi          = {10.1137/1010093},
	journaltitle = {{SIAM} Review},
	publisher    = {Society for Industrial {\&} Applied Mathematics ({SIAM})},
}

@Article{Benhamou_2006,
	author       = {Simon Benhamou},
	title        = {Detecting an orientation component in animal paths when the preferred direction is individual-dependent},
	volume       = {87},
	number       = {2},
	pages        = {518--528},
	date         = {2006-02},
	doi          = {10.1890/05-0495},
	journaltitle = {Ecology},
	publisher    = {Wiley-Blackwell},
}

@Article{Menzel_1995,
	author       = {M. Hammer and R. Menzel},
	title        = {Learning and memory in the honeybee},
	volume       = {5},
	number       = {3},
	pages        = {1617–1630},
	issn         = {0270-6474},
	date         = {1995},
	journaltitle = {The Journal of neuroscience},
}

@Article{Grant_1992,
	author       = {V. Grant and E. J. Temeles},
	title        = {Foraging ability of rufous hummingbirds on hummingbird flowers and hawkmoth flowers},
	volume       = {89},
	number       = {20},
	pages        = {9400--9404},
	date         = {1992-10},
	doi          = {10.1073/pnas.89.20.9400},
	journaltitle = {Proceedings of the National Academy of Sciences},
	publisher    = {Proceedings of the National Academy of Sciences},
}

@Article{Sandness_1972,
	author       = {J. N. Sandness and J. A. McMurtry},
	title        = {Prey consumption behavior of ablyseius largoensis in relation to hunger},
	volume       = {104},
	number       = {04},
	pages        = {461--470},
	date         = {1972-04},
	doi          = {10.4039/ent104461-4},
	journaltitle = {The Canadian Entomologist},
	publisher    = {Cambridge University Press ({CUP})},
}

@InProceedings{Shalizi_2004,
	author        = {Cosma Rohilla Shalizi and Kristina Lisa Klinkner},
	title         = {Blind construction of optimal nonlinear recursive predictors for discrete sequences},
	booktitle     = {Uncertainty in Artificial Intelligence: Proceedings of the Twentieth Conference (UAI 2004)},
	year          = {2004},
	editor        = {Max Chickering and Joseph Y. Halpern},
	pages         = {504--511},
	publisher     = {AUAI Press},
	__markedentry = {[thrachy:6]},
	abstract      = {We present a new method for nonlinear prediction of discrete random sequences under minimal structural assumptions. We give a mathematical construction for optimal predictors of such processes, in the form of hidden Markov models. We then describe an algorithm, CSSR (Causal-State Splitting Reconstruction), which approximates the ideal predictor from data. We discuss the reliability of CSSR, its data requirements, and its performance in simulations. Finally, we compare our approach to existing methods using variable-length Markov models and cross-validated hidden Markov models, and show theoretically and experimentally that our method delivers results superior to the former and at least comparable to the latter.},
	date          = {2004-06-06},
	eprint        = {cs/0406011v1},
	eprintclass   = {cs.LG},
	eprinttype    = {arXiv},
	keywords      = {cs.LG, math.ST, nlin.CD, physics.data-an, stat.TH, I.2.6},
	location      = {Arlington, Virginia},
	url           = {http://arxiv.org/abs/cs.LG/0406011},
}

@Article{Faustino_2007,
	author       = {C. L Faustino and L. R. da Silva and Marcos G. E. da Luz and Ernesto P. Raposo and Gandhimohan M. Viswanathan},
	title        = {Search dynamics at the edge of extinction: Anomalous diffusion as a critical survival state},
	volume       = {77},
	number       = {3},
	pages        = {30002},
	date         = {2007-01},
	doi          = {10.1209/0295-5075/77/30002},
	journaltitle = {Europhysics Letters ({EPL})},
	publisher    = {{IOP} Publishing},
}

@PhdThesis{Nolting_2013,
	author      = {Ben C. Nolting},
	title       = {Random search models of foraging behavior: theory, simulation, and observation.},
	date        = {2013},
	institution = {University of Nebraska - Lincoln},
}

@Article{Benichou_2011,
	author       = {Olivier B\'{e}nichou and C. Loverdo and M. Moreau and R. Voituriez},
	title        = {Intermittent search strategies},
	volume       = {83},
	number       = {1},
	pages        = {81--129},
	date         = {2011-03},
	doi          = {10.1103/revmodphys.83.81},
	journaltitle = {Reviews of Modern Physics},
	publisher    = {American Physical Society ({APS})},
}

@Article{Loverdo2009,
	author       = {C. Loverdo and Olivier B\'{e}nichou and M. Moreau and R. Voituriez},
	title        = {Robustness of optimal intermittent search strategies in one, two, and three dimensions},
	volume       = {80},
	number       = {3},
	date         = {2009-09},
	doi          = {10.1103/physreve.80.031146},
	journaltitle = {Physical Review E},
	publisher    = {American Physical Society ({APS})},
}

@Article{Benichou_2006,
	author       = {Olivier B\'{e}nichou and C. Loverdo and M. Moreau and R. Voituriez},
	title        = {Two-dimensional intermittent search processes: an alternative to L\'{e}vy flight strategies},
	volume       = {74},
	number       = {2},
	date         = {2006-08},
	doi          = {10.1103/physreve.74.020102},
	journaltitle = {Physical Review E},
	publisher    = {American Physical Society ({APS})},
}

@Article{Geisel_1985,
  author       = {T. Geisel and J. Nierwetberg and A. Zacherl},
  title        = {Accelerated diffusion in Josephson junctions and related chaotic systems},
  volume       = {54},
  number       = {7},
  pages        = {616--619},
  date         = {1985-02},
  doi          = {10.1103/physrevlett.54.616},
  journaltitle = {Physical Review Letters},
  publisher    = {American Physical Society ({APS})},
}

@Article{Bertrand_2007,
	author       = {Sophie Bertrand and Arnaud Bertrand and Renato Guevara-Carrasco and Fran\c{c}ois Gerlotto},
	title        = {Scale-invariant movements of fishermen: The same foraging strategy as natural predators},
	volume       = {17},
	number       = {2},
	pages        = {331--337},
	date         = {2007-03},
	doi          = {10.1890/06-0303},
	journaltitle = {Ecological Applications},
	publisher    = {Wiley},
}

@Article{Bartumeus_2003,
	author       = {Frederic Bartumeus and Francesc Peters and Salvador Pueyo and C\`{e}lia Marras\'{e} and Jordi Catalan},
	title        = {Helical L\'{e}vy walks: Adjusting searching statistics to resource availability in microzooplankton},
	volume       = {100},
	number       = {22},
	pages        = {12771--12775},
	date         = {2003-10},
	doi          = {10.1073/pnas.2137243100},
	journaltitle = {Proceedings of the National Academy of Sciences},
	publisher    = {Proceedings of the National Academy of Sciences},
}

@Article{Marchal_2007,
	author       = {Paul Marchal and Jan-Jaap Poos and Floor Quirijns},
	title        = {Linkage between fishers' foraging, market and fish stocks density: Examples from some North Sea fisheries},
	volume       = {83},
	number       = {1},
	pages        = {33--43},
	date         = {2007-01},
	doi          = {10.1016/j.fishres.2006.08.025},
	journaltitle = {Fisheries Research},
	publisher    = {Elsevier {BV}},
}

@Article{Atkinson_2002,
	author       = {R. P. D. Atkinson and C. J. Rhodes and David W. Macdonald and Roy M. Anderson},
	title        = {Scale-free dynamics in the movement patterns of jackals},
	volume       = {98},
	number       = {1},
	pages        = {134--140},
	date         = {2002-07},
	doi          = {10.1034/j.1600-0706.2002.980114.x},
	journaltitle = {Oikos},
	publisher    = {Wiley},
}

@Article{Joo_2013,
  author       = {Rocio Joo and Sophie Bertrand and Jorge Tam and Ronan Fablet},
  title        = {Hidden markov models: The best models for forager movements?},
  volume       = {8},
  number       = {8},
  pages        = {e71246},
  date         = {2013-08},
  doi          = {10.1371/journal.pone.0071246},
  editor       = {Gonzalo G. de Polavieja},
  journaltitle = {{PLoS} {ONE}},
  publisher    = {Public Library of Science ({PLoS})},
}

@Article{Bell_1990,
  author       = {W J Bell},
  title        = {Searching behavior patterns in insects},
  volume       = {35},
  number       = {1},
  pages        = {447--467},
  date         = {1990-01},
  doi          = {10.1146/annurev.en.35.010190.002311},
  journaltitle = {Annual Review of Entomology},
  publisher    = {Annual Reviews},
}

@Article{Dalby-Ball_2000,
	author       = {Geraldene Dalby-Ball and Alan Meats},
	title        = {Influence of the odour of fruit, yeast and cue-lure on the flight activity of the Queensland fruit fly, Bactrocera tryoni (Froggatt) (Diptera: Tephritidae)},
	volume       = {39},
	number       = {3},
	pages        = {195--200},
	date         = {2000-07},
	doi          = {10.1046/j.1440-6055.2000.00168.x},
	journaltitle = {Australian Journal of Entomology},
	publisher    = {Wiley},
}


@Article{Doving_1994,
	author       = {K. B. D{\o}ving and M. M{\aa}rst{\o}l and J. R. Andersen and J. A. Knutsen},
	title        = {Experimental evidence of chemokinesis in newly hatched cod larvae (Gadus morhua L.)},
	volume       = {120},
	number       = {3},
	pages        = {351--358},
	date         = {1994},
	doi          = {10.1007/bf00680208},
	journaltitle = {Marine Biology},
	publisher    = {Springer Nature America, Inc},
}

@Article{Dusenbery_1998,
  author       = {David B. Dusenbery},
  title        = {Spatial sensing of stimulus gradients can be superior to temporal sensing for free-swimming bacteria},
  volume       = {74},
  number       = {5},
  pages        = {2272--2277},
  date         = {1998-05},
  doi          = {10.1016/s0006-3495(98)77936-6},
  journaltitle = {Biophysical Journal},
  publisher    = {Elsevier {BV}},
}

@Article{Ferran_1994,
	author       = {A. Ferran and M. Ettifouri and P. Clement and William J. Bell},
	title        = {Sources of variability in the transition from extensive to intensive search in coccinellid predators (Homoptera: Coccinellidae)},
	volume       = {7},
	number       = {5},
	pages        = {633--647},
	date         = {1994-09},
	doi          = {10.1007/bf01997436},
	journaltitle = {Journal of Insect Behavior},
	publisher    = {Springer Nature},
}

@Article{Haskell_1997,
	author       = {David G. Haskell},
	title        = {Experiments and a model examining learning in the area-restricted search behavior of ferrets (Mustela putorius furo)},
	volume       = {8},
	number       = {4},
	pages        = {448--449},
	date         = {1997},
	doi          = {10.1093/beheco/8.4.448},
	journaltitle = {Behavioral Ecology},
	publisher    = {Oxford University Press ({OUP})},
}

@Article{Hellung-Larsen_1990,
	author       = {Per Hellung-Larsen and Vagn Leick and Niels Tommerup and Dorte Kronborg},
	title        = {Chemotaxis in Tetrahymena},
	volume       = {25},
	number       = {3},
	pages        = {229--233},
	date         = {1990-03},
	doi          = {10.1016/s0932-4739(11)80174-4},
	journaltitle = {European Journal of Protistology},
	publisher    = {Elsevier {BV}},
}

@Article{Hills_2002,
	author       = {Thomas T. Hills and Frederick R. Adler},
	title        = {Time{\textquotesingle}s crooked arrow: optimal foraging and rate-biased time perception},
	volume       = {64},
	number       = {4},
	pages        = {589--597},
	date         = {2002-10},
	doi          = {10.1006/anbe.2002.3070},
	journaltitle = {Animal Behaviour},
	publisher    = {Elsevier {BV}},
}

@Article{Latty_2009,
	author       = {Tanya Latty and Madeleine Beekman},
	title        = {Food quality affects search strategy in the acellular slime mould, Physarum polycephalum},
	volume       = {20},
	number       = {6},
	pages        = {1160--1167},
	date         = {2009},
	doi          = {10.1093/beheco/arp111},
	journaltitle = {Behavioral Ecology},
	publisher    = {Oxford University Press ({OUP})},
}

@Article{Nolet_2002,
	author       = {Bart A. Nolet and Wolf M. Mooij},
	title        = {Search paths of swans foraging on spatially autocorrelated tubers},
	volume       = {71},
	number       = {3},
	pages        = {451--462},
	date         = {2002-05},
	doi          = {10.1046/j.1365-2656.2002.00610.x},
	journaltitle = {Journal of Animal Ecology},
	publisher    = {Wiley},
}

@Article{Leick_1985,
	author       = {Vagn Leick and Per Hellung-Larsen},
	title        = {Chemosensory Responses in Tetrahymena: The Involvement of Peptides and other Signal Substances},
	volume       = {32},
	number       = {3},
	pages        = {550--553},
	date         = {1985-08},
	doi          = {10.1111/j.1550-7408.1985.tb04060.x},
	journaltitle = {The Journal of Protozoology},
	publisher    = {Wiley},
}

@Article{Moore_2004,
	author       = {Paul Moore and John Crimaldi},
	title        = {Odor landscapes and animal behavior: tracking odor plumes in different physical worlds},
	volume       = {49},
	number       = {1-4},
	pages        = {55--64},
	date         = {2004-08},
	doi          = {10.1016/j.jmarsys.2003.05.005},
	journaltitle = {Journal of Marine Systems},
	publisher    = {Elsevier {BV}},
}

@Article{Nevitt_2000,
	author       = {GA Nevitt},
	title        = {Olfactory foraging by Antarctic procellariiform seabirds: life at high Reynolds numbers},
	volume       = {198},
	number       = {2},
	pages        = {245--253},
	date         = {2000-04},
	doi          = {10.2307/1542527},
	journaltitle = {The Biological Bulletin},
	publisher    = {University of Chicago Press},
}

@Article{Persons_1997,
	author       = {Matthew H. Persons and George W. Uetz},
	title        = {Foraging patch residence time decisions in wolf spiders: Is perceiving prey as important as eating prey?},
	volume       = {4},
	number       = {1},
	pages        = {1--5},
	date         = {1997-01},
	doi          = {10.1080/11956860.1997.11682370},
	journaltitle = {{\'{E}}coscience},
	publisher    = {Informa {UK} Limited},
}

@Article{Strand_1982,
	author       = {Michael R. Strand and S. Bradleigh Vinson},
	title        = {Behaviour response of the parasitoid Cardiochiles nigriceps to a kairomone},
	volume       = {31},
	number       = {2-3},
	pages        = {308--315},
	date         = {1982-03},
	doi          = {10.1111/j.1570-7458.1982.tb03150.x},
	journaltitle = {Entomologia Experimentalis et Applicata},
	publisher    = {Wiley},
}

@Article{Tyson_2011,
	author       = {R.C. Tyson and J.B. Wilson and W.D. Lane},
	title        = {Beyond diffusion: Modelling local and long-distance dispersal for organisms exhibiting intensive and extensive search modes},
	volume       = {79},
	number       = {3},
	pages        = {70--81},
	date         = {2011-05},
	doi          = {10.1016/j.tpb.2010.11.002},
	journaltitle = {Theoretical Population Biology},
	publisher    = {Elsevier {BV}},
}

@Article{Sugimoto_1987,
	author       = {Tuyosi Sugimoto and Hitokazu Murakami and Ryouji Yamazaki},
	title        = {Foraging for patchily-distributed leaf-miners by the parasitoid,Dapsilarthra rufiventris (Hymenoptera: Braconidae). {II}. Stopping rule for host search},
	volume       = {5},
	number       = {2},
	pages        = {95--103},
	date         = {1987-12},
	doi          = {10.1007/bf02349941},
	journaltitle = {Journal of Ethology},
	publisher    = {Springer Nature},
}

@Book{Latouche_1999,
	title     = {Introduction to Matrix Analytic Methods in Stochastic Modeling},
	publisher = {Society for Industrial and Applied Mathematics},
	year      = {1999},
	author    = {Guy Latouche and V. Ramaswami},
	month     = {jan},
	doi       = {10.1137/1.9780898719734},
}

@Article{Donsker_1952,
	author    = {Monroe D. Donsker},
	title     = {Justification and Extension of Doob{\textquotesingle}s Heuristic Approach to the Kolmogorov- Smirnov Theorems},
	journal   = {The Annals of Mathematical Statistics},
	year      = {1952},
	volume    = {23},
	number    = {2},
	pages     = {277--281},
	month     = {jun},
	doi       = {10.1214/aoms/1177729445},
	publisher = {Institute of Mathematical Statistics},
}

@Book{Dunford_1958,
	title     = {Linear Operators, Part 1: General Theory (Pure and Applied Mathematics, Vol. 7)},
	publisher = {John Wiley \& Sons Inc},
	year      = {1958},
	author    = {Nelson James Dunford and Jacob T. Schwartz},
	isbn      = {9780470226056}
}

@Article{Suzuki_1976,
	author    = {Noboru Suzuki},
	title     = {On the convergence of Neumann series in Banach space},
	journal   = {Mathematische Annalen},
	year      = {1976},
	volume    = {220},
	number    = {2},
	pages     = {143--146},
	month     = {jun},
	doi       = {10.1007/bf01351698},
	publisher = {Springer Nature},
}

@Book{Viswanathan_2009,
  title     = {Physics of Foraging},
  publisher = {Cambridge University Press},
  year      = {2009},
  author    = {Gandhimohan. M. Viswanathan and Marcos G. E. da Luz and Ernesto P. Raposo and H. Eugene Stanley},
  doi       = {10.1017/cbo9780511902680},
}

@Article{Benichou_2007,
  author    = {O B{\'{e}}nichou and C Loverdo and M Moreau and R Voituriez},
  title     = {A minimal model of intermittent search in dimension two},
  journal   = {Journal of Physics: Condensed Matter},
  year      = {2007},
  volume    = {19},
  number    = {6},
  pages     = {065141},
  month     = {jan},
  doi       = {10.1088/0953-8984/19/6/065141},
  publisher = {{IOP} Publishing},
}

@Article{Hoyle_2007,
  author    = {Martin Hoyle and James E. Cresswell},
  title     = {A search theory model of patch-to-patch forager movement with application to pollinator-mediated gene flow},
  journal   = {Journal of Theoretical Biology},
  year      = {2007},
  volume    = {248},
  number    = {1},
  pages     = {154--163},
  month     = {sep},
  doi       = {10.1016/j.jtbi.2007.04.022},
  publisher = {Elsevier {BV}},
}

@Article{Shaw_2006,
  author    = {M.W Shaw and T.D Harwood and M.J Wilkinson and L Elliott},
  title     = {Assembling spatially explicit landscape models of pollen and spore dispersal by wind for risk assessment},
  journal   = {Proceedings of the Royal Society B: Biological Sciences},
  year      = {2006},
  volume    = {273},
  number    = {1594},
  pages     = {1705--1713},
  month     = {jul},
  doi       = {10.1098/rspb.2006.3491},
  publisher = {The Royal Society},
}

@InCollection{Sahin_2005,
  author    = {Erol {\c{S}}ahin},
  title     = {Swarm robotics: From sources of inspiration to domains of application},
  booktitle = {Swarm Robotics},
  publisher = {Springer Berlin Heidelberg},
  year      = {2005},
  pages     = {10--20},
  doi       = {10.1007/978-3-540-30552-1_2},
}

@Article{Richard_2018,
  author    = {Gaëtan Richard and Christophe Guinet and Julien Bonnel and Nicolas Gasco and Paul Tixier},
  title     = {Do commercial fisheries display optimal foraging? The case of longline fishers in competition with odontocetes},
  journal   = {Canadian Journal of Fisheries and Aquatic Sciences},
  year      = {2018},
  volume    = {75},
  number    = {6},
  pages     = {964--976},
  month     = {jun},
  doi       = {10.1139/cjfas-2016-0498},
  publisher = {Canadian Science Publishing},
}

@Article{Raubenheimer_2018,
  author    = {David Raubenheimer and Stephen J Simpson},
  title     = {Nutritional ecology and foraging theory},
  journal   = {Current Opinion in Insect Science},
  year      = {2018},
  volume    = {27},
  pages     = {38--45},
  month     = {jun},
  doi       = {10.1016/j.cois.2018.02.002},
  publisher = {Elsevier {BV}},
}

@Article{Patterson_2017,
  author    = {Toby A. Patterson and Alison Parton and Roland Langrock and Paul G. Blackwell and Len Thomas and Ruth King},
  title     = {Statistical modelling of individual animal movement: an overview of key methods and a discussion of practical challenges},
  journal   = {{AStA} Advances in Statistical Analysis},
  year      = {2017},
  volume    = {101},
  number    = {4},
  pages     = {399--438},
  month     = {jul},
  doi       = {10.1007/s10182-017-0302-7},
  publisher = {Springer Nature},
}

@Article{Parton_2017,
  author    = {A. Parton and P. G. Blackwell},
  title     = {Bayesian inference for multistate `step and turn' animal movement in continuous time},
  journal   = {Journal of Agricultural, Biological and Environmental Statistics},
  year      = {2017},
  volume    = {22},
  number    = {3},
  pages     = {373--392},
  month     = {jun},
  doi       = {10.1007/s13253-017-0286-5},
  publisher = {Springer Nature},
}

@Article{Browning_2017,
  author    = {Ella Browning and Mark Bolton and Ellie Owen and Akiko Shoji and Tim Guilford and Robin Freeman},
  title     = {Predicting animal behaviour using deep learning: {GPS} data alone accurately predict diving in seabirds},
  journal   = {Methods in Ecology and Evolution},
  year      = {2017},
  volume    = {9},
  number    = {3},
  pages     = {681--692},
  month     = {nov},
  doi       = {10.1111/2041-210x.12926},
  editor    = {Jana McPherson},
  publisher = {Wiley},
}

@Article{Bertrand_2015,
  author    = {Sophie Bertrand and Roc{\'{\i}}o Joo and Ronan Fablet},
  title     = {Generalized Pareto for Pattern-Oriented Random Walk Modelling of Organisms' Movements},
  journal   = {{PLOS} {ONE}},
  year      = {2015},
  volume    = {10},
  number    = {7},
  pages     = {e0132231},
  month     = {jul},
  doi       = {10.1371/journal.pone.0132231},
  editor    = {Franck Courchamp},
  publisher = {Public Library of Science ({PLoS})},
}

@Article{Rolla_2014,
  author    = {Leonardo T. Rolla and Vladas Sidoravicius and Laurent Tournier},
  title     = {Greedy clearing of persistent Poissonian dust},
  journal   = {Stochastic Processes and their Applications},
  year      = {2014},
  volume    = {124},
  number    = {10},
  pages     = {3496--3506},
  month     = {oct},
  doi       = {10.1016/j.spa.2014.04.005},
  publisher = {Elsevier {BV}},
}

@Comment{jabref-meta: databaseType:bibtex;}
